<?xml version="1.0" encoding="UTF-8"?><record xmlns="http://www.loc.gov/MARC21/slim" xmlns:cinclude="http://apache.org/cocoon/include/1.0" xmlns:zs="http://www.loc.gov/zing/srw/">
  <leader>00542nz  a2200145n  4500</leader>
  <controlfield tag="001">no 96020991 </controlfield>
  <controlfield tag="003">DLC</controlfield>
  <controlfield tag="005">19960424065911.2</controlfield>
  <controlfield tag="008">960423n| acannaab|          |n ana      </controlfield>
  <datafield tag="010" ind1=" " ind2=" ">
    <subfield code="a">no 96020991 </subfield>
  </datafield>
  <datafield tag="035" ind1=" " ind2=" ">
    <subfield code="a">(OCoLC)oca04063228 </subfield>
  </datafield>
  <datafield tag="040" ind1=" " ind2=" ">
    <subfield code="a">DLC-S</subfield>
    <subfield code="c">DLC-S</subfield>
  </datafield>
  <datafield tag="110" ind1="2" ind2="0">
    <subfield code="a">Center for Music and Young Children (Princeton, N.J.)</subfield>
  </datafield>
  <datafield tag="667" ind1=" " ind2=" ">
    <subfield code="a">Issue for spring 1989 has on label: Music &amp; Movement Center. Cannot establish relationship at this time.</subfield>
  </datafield>
  <datafield tag="670" ind1=" " ind2=" ">
    <subfield code="a">Music together songs, fall 1988:</subfield>
    <subfield code="b">t.p. (Center for Music and Young Children; Princeton, NJ)</subfield>
  </datafield>
</record>